@ARTICLE{primary_backup-1,
  AUTHOR={Guerraoui, R. and Schiper, A.},
  TITLE={{Software-Based Replication for Fault Tolerance}},
  YEAR={1997},
  JOURNAL={IEEE Computer},
  PAGES={68--74},
  VOLUME={30}, NUMBER={4}
}

@INPROCEEDINGS{largescale_failures-2,
  TITLE={{A Large-Scale Study of Failures in High-Performance Computing Systems}},
  BOOKTITLE={Proc. of the International Conference on Dependable Systems},
  PAGES={249--258},
  YEAR={2006},
  AUTHOR={Schroeder, B. and Gibson, G. A.}
}

@inproceedings{
        pruyne-ipps96,
	author = "Jim Pruyne and Miron Livny",
	title = "Managing Checkpoints for Parallel Programs",
	booktitle = "Workshop on Job Scheduling Strategies for Parallel Processing (IPPS '96)",
	address = "Honolulu, HI",
	month = "April",
	year = "1996"
}

@INPROCEEDINGS{mpichv,
  TITLE={{Blocking vs. Non-Blocking Coordinated Checkpointing for Large-Scale Fault Tolerant MPI}},
  AUTHOR={Coti, C. and Herault, T. and Lemarinier, P. and Pilard, L. and Rezmerita, A. and Rodriguez, E. and Cappello, F.},
  BOOKTITLE={Proc. of the ACM/IEEE SC Conference},
  YEAR={2006},
  MONTH={Nov.}
}

@INPROCEEDINGS{ftmpi,
  AUTHOR={Fagg, G. and Gabriel, E. and  Bosilca, G. and Angskun, T. and Chen, Z. and Pjesivac-Grbovic, J. and London, K. and Dongarra, J.},
  TITLE={{Extending the MPI Specification for Process Fault Tolerance on High Performance Computing Systems}},
  BOOKTITLE={Proc. of the International Supercomputer Conference},
  YEAR={2004},
  MONTH={June}
}



@ARTICLE{Kondo_fgcs07,
  TITLE={{Resource Availability in Enterprise Desktop Grids}},
  AUTHOR={Kondo, D. and Fedak, G. and Cappello, F. and  Chien, A. A. and Casanova, H.}, 
  JOURNAL={Journal of Future Generation Computer Systems}, 
  VOLUME={23},
  NUMBER={7}, 
  PAGES={888--903},
  YEAR={2007}
}

@MISC{top500,
  KEY={Top500},
  TITLE={{Top 500 Supercomputer Sites}},
  HOWPUBLISHED={\url{http://www.top500.org/}},
  YEAR={2009}
}

@MISC{boinc,
  AUTHOR={The Berkeley Open Infrastructure for Network Computing (BOINC)},
  HOWPUBLISHED={\url{http://boinc.berkeley.edu/}},
  KEY={BOINC},
  YEAR={2009}
}

@INPROCEEDINGS{SETI@home,
  TITLE={{A New Major SETI Project based on project SERENDIP data 
    and 100,000 Personal Computers}},  
  AUTHOR={Sullivan and Werthimer and Bowyer and Cobb and Gedye and Anderson},
  BOOKTITLE={Astronomical and Biochemical Origins and the Search for Life in the Universe},
  YEAR={1997}
} 

