@INPROCEEDINGS{mundo-linux,
    author = {Daniel Lombraña},
    title = {Cómo montar LVM},
    booktitle= {Mundo Linux},
    year = {2003},
    volume = {69},
    pages ={62-64}
}

@INPROCEEDINGS{jornadas-paralelismo-2006,
    author = {Francisco Fernández and Daniel Lombraña},
    title = {Algoritmos Evolutivos Tolerantes a fallos en entornos de Computación distribuida},
    isbn = {84-690-0551-0},
    booktitle= {XVII Jornadas de Paralelismo},
    address = {Albacete, Spain},
    month = {September},
    year = {2006},
    volume = {1},
    pages = {401-406},
}

@INPROCEEDINGS{cec-2007,
    author = {Daniel Lombraña and Francisco Fernández},
    title = {Analyzing Fault Tolerance on Parallel Genetic Programming by Means of Dynamic-Size Populations},
    booktitle= {Congress on Evolutionary Computation},
    month = {September},
    year = {2007},
    address = {Singapore},
    volume = {1},
    isbn = {978-1-4244-1339-3},
    pages = {4392 - 4398}

}

@INPROCEEDINGS{eciencia-madrid,
    author = {Francisco Chávez de la O and Manuel Rubio del Solar and Jose Luis Guisado and Daniel Lombraña and Miguel
        Cárdenas Montes and Francisco Fernández},
    title = {A genetic Programming Infrastructure profiting from Public Computation Resources},
    booktitle= {Spanish Conference on e-Science Grid Computing},
    month = {March},
    year = {2007},
    address = {Madrid, Spain},
    volume = {1},
    pages = {1-8}
}

@INPROCEEDINGS{gecco-2007-island-model,
    author = {Ignacio Hidalgo and Francisco Fernández and Juan Lanchares and Daniel Lombraña},
    title = {Is the Island Model Fault Tolerant?},
    isbn = {978-1-59593-697-4},
    booktitle= {Genetic and Evolutionary Computation Conference},
    month = {July},
    year = {2007},
    address = {London, England},
    volume = {2},
    pages = {1519}
}

@INPROCEEDINGS{gecco-2007-gp,
    author = {Daniel Lombraña and Francisco Fernández},
    title = {Dynamic Populations and Length Evolution: Key Factors for Analyzing Fault Tolerance on Parallel Genetic Programming},
    isbn = {978-1-59593-697-4},
    booktitle= {Genetic and Evolutionary Computation Conference},
    month = {July},
    year = {2007},
    address = {London, England},
    volume = {2},
    pages = {1752}
}

@INPROCEEDINGS{ibergrid-2007,
    author = {Daniel Lombraña and Francisco Fernández and Ben Segal and Francois Grey},
    title = {Enabling Desktop PCs with Virtualization for GRID Computing},
    isbn = {978-84-611-6634-3},
    booktitle= {1st Ibergrid 2007},
    month = {May},
    year = {2007},
    address = {Santiago de Compostela, Spain},
    volume = {1},
    pages = {160-171}
}

@INPROCEEDINGS{maeb-2007-gp,
    author = {Daniel Lombraña and Francisco Fernández},
    title = {Estudio experimental del tamaño de los individuos en Programación Genética},
    isbn = {978-84-690-3470-5},
    booktitle= {V Congreso Español sobre  Metaheurísticas, Algoritmos Evolutivos y Bioinspirados},
    month = {February},
    year = {2007},
    address = {Tenerife, Spain},
    volume = {1},
    pages = {835-842}
}

@INPROCEEDINGS{maeb-2007-boinc,
    author = {Francisco Chávez de la O and Jose Luis Guisado and Daniel Lombraña and Francisco Fernández},
    title = {Una herramienta de Programación Genética Paralela que Aprovecha Recursos Públicos de Computación},
    isbn = {978-84-690-3470-5},
    booktitle= {V Congreso Español sobre Metaheurísticas, Algoritmos Evolutivos y Bioinspirados},
    month = {February},
    year = {2007},
    address = {Tenerife, Spain},
    volume = {1},
    pages = {167-173}

}

@INPROCEEDINGS{pdcs-2007,
    author = {Daniel Lombraña and Francisco Fernández and Leonardo Trujillo and Gustavo Olague and Ben Segal},
    title = {Customizable Execution Environments with Virtual Desktop GRID Computing},
    booktitle= {19th Parallel and Distributed Computing and Systems, PDCS},
    month = {November},
    year = {2007}, 
    address = {Massachusets, USA},
    volume = {1},
    isbn = {978-0-88986-704-8},
    pages = {7-12}
}

@INPROCEEDINGS{euromicro-2007,
    author = {Daniel Lombraña and Francisco Fernández},
    title = {On the intrinsic fault-tolerance nature of Parallel Genetic Programming},
    isbn = {978-0-7695-2784-0},
    booktitle= {The Fifteen Euromicro Conference on Parallel, Distributed and Network-based Processing},
    month = {February},
    year = {2007},
    address = {Naple, Italy},
    volume = {1},
    pages = {450-456}
}

@INPROCEEDINGS{software-libre-3-2007,
    author = {Francisco Fernández and Daniel Lombraña and José Luis Guisado and Francisco Chávez de la O and M. A. Vega},
    title = {Aprovechamiento de los Recursos de Computación de la Universidad de Extremadura Mediante Herramientas Basadas en Software
    Libre},
    booktitle= {Free Software World Conference},
    month = {February},
    year = {2007},
    isbn = {978-84-690-8968-2},
    pages = {201--212},
    address = {Badajoz, Spain}
}

@INPROCEEDINGS{linux+,
    author = {Daniel Lombraña},
    title = {Pasa películas a tu PSP desde GNU/Linux},
    booktitle = {Linux+},
    year = {2007},
    volume = {34},
    pages = {38-40}
}

@INPROCEEDINGS{pcgrid-2008,
    author = {Daniel Lombraña and Francisco Fernández and Germán Galeano Gil and Ben Segal},
    title = {Centralized BOINC Resources Manager for Institutional Networks},
    booktitle = {22nd IEEE International Parallel and Distributed Processing Symposium},
    month = {April},
    year = {2008},
    isbn = {978-1-4244-1693-6},
    issn = {1530-2075},
    pages = {1--8},
    doi ={10.1109/IPDPS.2008.4536439},
    address = {Miami, Florida, USA}
}
@INPROCEEDINGS{ibergrid-2008,
    author = {Daniel Lombraña and Francisco Fernández and L. Trujillo and G. Olague and M. Cárdenas and L. Araujo and
    P. Castillo and K. Sharman and A. Silva},
    isbn = {978-84-9745-288-5},
    title = {Interpreted Applications within BOINC Infrastructure},
    booktitle = {Ibergrid 2008},
    month = {May},
    year = {2008},
    address = {Porto, Portugal},
    pages = {261-272}
}

@INPROCEEDINGS{jornadas-paralelismo-2008,
    author = {Josefa Díaz and Daniel Lombraña González and Oscar Garnica and Francisco Fernández and José Ignacio Hidalgo and Juan
        Lanchares},
    title = {Grid de Sobremesa + Virtualización: Un modelo estándar para la obtención de recursos a distribuidos},
    booktitle = {XIX Jornadas de Paralelismo},
    year = {2008},
    month = {September},
    isbn = {978-84-8021-676-0},
    address = {Castellón, Spain},
    pages = {475-480}

}

@INPROCEEDINGS{maeb-2009,
    author = {Daniel Lombraña González and Francisco Fernández de Vega and Leonardo Trujillo and Gustavo Olague and Lourdes
        Araujo and Pedro Castillo and Juan Julián Merelo Guervós and Ken Sharman},
    title = {Obtención de recursos computacionales para PG utilizando desktop grid computing y virtualización},
    booktitle = {MAEB'09 VI Congreso Español sobre Metaheurísticas, Algoritmos Evolutivos y Bioinspirados},
    year = {2009},
    month = {February},
    isbn = {978-84-691-6813-4},
    address = {Málaga, Spain},
    pages = {563--570}
}

@INPROCEEDINGS{pdp-2009,
    author = {Daniel Lombraña González and Francisco Fernández de Vega and Leonardo Trujillo and Gustavo Olague and Lourdes
        Araujo and Pedro Castillo and Juan Julián Merelo and Ken Sharman},
    title = {Increasing GP Computing Power for Free via Desktop GRID Computing and Virtualization},
    booktitle = {Proceedings of the 17th Euromicro Conference on Parallel, Distributed and Network-based Processing},
    year = {2009},
    month = {February},
    isbn = {978-0-7695-3544-9},
    address = {Weimar, Germany},
    pages = {419--423}
}

@INPROCEEDINGS{bads-2009,
    author = {Daniel Lombraña González and Francisco Fernández de Vega and Henri Casanova},
    title = {Characterizing Fault Tolerance in Genetic Programming},
    booktitle = {Workshop on Bio-Inspired Algorithms for Distributed Systems},
    isbn = {978-1-60558-564-2},
    address = {Barcelona, Spain},
    month = {June},
    pages = {1--10},
    year = {2009}
}

@INBOOK{springer-2009,
    author = {José Luis Guisado Lizar and F. Jiménez-Morales and J.M. Guerra and Francisco Fernández de Vega and K.A. Iskra
        and P.M.A. Sloot and Daniel Lombraña González},
    editor = {Erick Cantu-Paz and Francisco Fernández de Vega},
    title = {Parallel and Distributed Computational Intelligence},
    chapter = {Laser Dynamics Modelling and Simulation: An application of Dynamic Load Balancing of Parallel Cellular Automata},
    pages = {321--348},
    publisher = {Springer Verlag. Series: Studies in Computational Intelligence},
    volume = {269},
    isbn = {978-3-642-10674-3},
    year = {2009}
}


@INBOOK{springer-2009a,
    author = {Nate Cole and Travis Desell and Daniel Lombraña González and Francisco Fernández de Vega and  Malik
        Magdon-Ismail and Heidi Newberg and Boleslaw Szymanski and Carlos Varela
},
    editor = {Erick Cantú-Paz and Francisco Fernández de Vega},
    title = {Parallel and Distributed Computational Intelligence},
    chapter = {Evolutionary Algorithms on Volunteer Computing Platforms: The MilkyWay@Home Project},
    pages = {63-90},
    publisher = {Springer Verlag. Series: Studies in Computational Intelligence},
    year = {2009},
    volume = {269},
    isbn = {978-3-642-10674-3}
}

@INBOOK{wiley-2009,
    author = {J.A. Gómez and M. A. Vega and J.M. Sánchez and J.L. Guisado and D. Lombraña González and F. Fernández},
    editor = {Enrique Alba and Christian Blum and Pedro Isasi and Coromoto León and Juan Antonio Gómez},
    title = {Optimization techniques for solving complex problems},
    chapter = {Remote services for advanced problem optimization},
    pages = {457--472},
    publisher = {John Wiley \& Sons Inc},
    year = {2009},
    isbn = {978-0-470-29332-4}
}


@ARTICLE{jfgcs-2010,
    author = {Daniel Lombraña González and Francisco Fernández de Vega and Henri Casanova},
    title = {Characterizing Fault Tolerance in Genetic Programming},
    journal = {Future Generation Computer Systems},
    volume = {26},
    number = {6},
    pages = {847--856},
    issn = {0167-739X},
    doi = {10.1016/j.future.2010.02.006},
    year = {2010}
}

@INPROCEEDINGS{evocop-2010,
    author = {Daniel Lombraña González and Juan Luís Jiménez Laredo and Francisco Fernández de Vega and Juan Julián Merelo
        Guervós},
    title = {Characterizing Fault-tolerance of Genetic Algorithms in Desktop Grid Systems},
    booktitle = {10th European Conference on Evolutionary Computation in Combinatorial Optimization},
    year = {2010},
    isbn = {3-642-12138-1},
    pages = {131--142},
    address = {Istanbul, Turkey},
    month = {April}
}

@PHDTHESIS{tesis-2010,
    author = {Daniel Lombraña González},
    title = {Programación Genética Tolerante a Fallos: Despliegue de Programación Genética sobre Computación Grid de Sobremesa},
    school = {University of Extremadura},
    isbn = {978-84-693-5293-9},
    publisher = {Universidad de Extremadura Servicio de Publicaciones},
    year = {2010}
}

