@Misc{adaptec:driver,
  Author         = {Adaptec},
  Title          = {Drivers Support},
  Note           = {\href{http://www.adaptec.com/worldwide/support/driversbycat.jsp?sess=no\&language=English+US\&cat=\%2FOperating+System\%2FLinux+Driver+Source+Code}{Adaptec Linux Driver Source Code Downloads}}
}

@Misc{adaptec:kernel,
	Author	=	{Adaptec},
	Title	=	{Drivers Support},
	Note	=	{\href{http://www.adaptec.com/worldwide/support/driverdetail.jsp?sess=no&language=English+US&cat=%2FOperating+System%2FLinux+Driver+Source+Code&filekey=aic7Yxx-2.0.14-6.3.11-linux-2.6.tar.bz2}{Adaptec Driver: SCSI Driver Source Code for Linux Kernel Versions 2.6 Downloads}}
}

@Misc{newsreader1,
	Author	= 	{Newsreader},
	Title	=	{hostRAID AIC-7901 disable?},
	Note	= 	{\href{http://www.issociate.de/board/post/149574/hostRAID,_AIC-7901,_disable?.html}{Hilo de la discusión}}
}

@Misc{newsreader2,
	Author 	= 	{Newsreader},
	Title	=	{Adaptec 79xx HostRAID support},
	Note	=	{\href{http://www.issociate.de/board/post/238255/Adaptec_79xx_HostRAID_support.html}{Hilo de la discusión}}
}

@MISC{bulma:lvm,
	Author = {Daniel Lombraña González},
	Title = {Cómo montar LVM en una máquina Debian},
	Note = {\href{http://bulma.net/body.phtml?nIdNoticia=1859}{Artículo}}
}

@MISC{gentoo:swap,
	Author = {Daniel Robbins},
	Title = {Maximizar el intercambio},
	Note = {\href{http://www.gentoo.org/doc/es/articles/maximum-swappage.xml}{Documentación Gentoo Linux}}
}

@MISC{python:pygene,
	Author = {David McNab},
	Title = {Simple python genetic algorithms/programming library},
	Note = {\href{http://www.freenet.org.nz/python/pygene/}{Web}}
}

@MISC{python:dione,
	Author = {George Hart},
	Title = {Genetic Programming framework written in Python},
	Note = {\href{http://sourceforge.net/projects/dione}{Enlace}}
}

@MISC{python:configparser,
	Author = {Python Documentation},
	Title = {ConfigParser - Configuration file parser},
	Note = {\href{http://python.org/doc/2.4.2/lib/module-ConfigParser.html}{Enlace}}
}

@MISC{vmwareweb,
    Author = {VMware},
    Title = {Virtualization, Virtual Machine \& Virtual Server Consolidation},
    Note = {\href{http://www.vmware.com}{Link}}
}

@MISC{qemuweb,
    Author = {Fabrice Bellard},
    Title = {QEMU},
    Note = {\href{http://fabrice.bellard.free.fr/qemu/}{Link}}
}


@TECHREPORT{boinc-glite1,
    author = {Daniel Lombraña González},
    title = {\href{http://https://uimon.cern.ch/twiki/bin/view/EGEE/GliteBoinc}{BOINC Clients Running Inside Virtual
        Machines}},
    institution = {CERN},
    year = {2006}
}


@TECHREPORT{boinc-glite2,
    Author = {Daniel Lombraña González},
    Title = {\href{https://uimon.cern.ch/twiki/bin/view/EGEE/VMwareAtHome}{VMware@Home}},
    institution = {CERN},
    year = {2006}
}

@TECHREPORT{boinc-server-howto,
    Author = {Daniel Lombraña González},
    Title = {\href{https://uimon.cern.ch/twiki/bin/view/EGEE/BoincServer}{How to Compile BOINC Server}},
    institution = {CERN},
    year = {2006}
}


@MISC{gplweb,
    Author = {Free Software Foundation},
    Title = {GNU General Public License},
    Note = {\href{http://www.gnu.org}{Link}}
}

@TECHREPORT{einsteinathomeweb,
    author = {Bruce Allen},
    title = {Einstein@Home First Results},
    institution = {LSC},
    year = {2006},
    url = {\href{http://einstein.phys.uwm.edu/PartialS3Results/}{Link}}
}

@MISC{bam,
    Author = {BOINCSstats Team},
    Title = {BOINCStats Account Manager},
    Note = {http://bam.boincstats.com/}
}

@MISC{gridrepublic,
    Author = {Picador Multimedia},
    Title = {GridRepublic},
    Note = {http://www.gridrepublic.org}
}

@MISC{account-managers,
    Author = {BOINC Team},
    Title = {Account Managers},
    Note = {http://boinc.berkeley.edu/trac/wiki/AccountManagers}
}

@MISC{africaathome,
    Author = {Africa@Home Team},
    Title = {Africa@Home},
    Note = {\url{http://http://africa-at-home.web.cern.ch/}}
}

@MISC{lilgp,
    Author = {Dr. Bill Punch, Douglas Zongker},
    Title = {Lil-GP},
    Note = {\url{http://garage.cse.msu.edu/software/lil-gp/index.html}}
}

@MISC{ecj,
    Author = {Sean Luke and Liviu Panait and Gabriel Balan and Sean Paus and Zbigniew Skolicki and Elena Popovici and Joseph
        Harrison and Jeff Bassett and Robert Hubley and Alexander Chircop},
    Title = {ECJ A Java-based Evolutionary Computation Research System},
    Note = {http://cs.gmu.edu/~eclab/projects/ecj/},
    year = {2007}
}

@MISC{R,
    Author = {Robert Gentleman,Ross Ihaka},
    Title = {The R Project for Statistical Computing},
    Note = {http://www.r-project.org/},
    Year = {2007}
}

@MISC{boinc-interpreted-apps,
    Author = {BOINC team},
    Title = {BOINC Interpreted Apps},
    Note = {http://boinc.berkeley.edu/trac/wiki/WorkShop07/InterpretedApps},
    Year = {2007}
}

@MISC{boinc-android,
    Author = {Carmi Grushko, Leeor Aharon and Oded Ben Dov},
    Title = {Boincoid},
    Note = {\url{http://boincoid.sourceforge.net/}},
    Year = {2008}
}

@MISC{lgplv3,
    Author = {Free Software Foundation},
    Title = {GNU Lesser General Public License, version 3},
    Note = {\url{http://www.gnu.org/licenses/lgpl-3.0.html}l},
    year = {2008}
}

@MISC{gplv3,
    Author = {Free Software Foundation},
    Title = {GNU General Public License, version 3},
    Note = {\url{http://www.gnu.org/licenses/gpl-3.0.html}},
    year = {2008}
}

@MISC{boincstats,
    Author = {BOINCSstats Team},
    Title = {BOINC Statistics},
    Note = {http://boincstats.com/}
}

@MISC{gimps,
    Author = {GIMPS Team},
    Title = {Greate Internet Mersenne Prime Search},
    Note = {\url{http://www.mersenne.org}},
    year = {2008}
}

@MISC{distributed.net,
    Author = {Distributed.net Team},
    Title = {distributed.net},
    Note = {\url{http://www.distributed.net}},
    year = {2008}
}

@TECHREPORT{boincproject,
    author = {BOINC Team},
    title = {Computing with BOINC},
    institution = {University of California},
    year = {2009},
    Note = {\url{http://boinc.berkeley.edu/trac/wiki/ProjectMain}}
}

@MISC{intel-vt,
    Author = {Intel},
    Title = {Virtualization technologies from Intel},
    year = {2009},
    Note = {\url{http://www.intel.com/technology/virtualization}}
}

@MISC{amd-pacifica,
    Author = {AMD},
    Title = {Virtualization and AMD},
    year = {2009},
    Note = {\url{http://www.amd.com/virtualization}}
}

@MISC{boinc-ec2,
    Author = {BOINC Team},
    Title = {Deploying a BOINC server on the Amazon Elastic Computing Cloud},
    year = {2009},
    Note = {\url{http://boinc.berkeley.edu/trac/wiki/CloudServer}}
}

@MISC{debian-web,
    Author = {Debian team},
    Title = {Debian -- The Universal Operating System},
    year = {2009},
    Note = {\url{http://www.debian.org}}
}

@MISC{boinc-python,
    Author = {BOINC Team},
    Title = {Python applications},
    year = {2009},
    Note = {\url{http://boinc.berkeley.edu/trac/wiki/PythonApps}}
}

@MISC{hummies,
    Author = {Special Interest Group on Genetic and Evolutionary Computation},
    Title = {Annual ``Hummies'' Awards for human-competitive results produces by genetic and evolutionary computation},
    year = {2009},
    Note = {\url{http://www.genetic-programming.org/hc2005/main.html}}
}

@MISC{ogr-distributed.net,
    Author = {Distributed.net Team},
    Title = {Optimal Golomb Ruler},
    Note = {\url{http://www.distributed.net/ogr/}},
    year = {2009}
}

@MISC{web-rpcs,
    Author = {BOINC Team},
    Title = {BOINC Web Remote Procedure Calls (RPCs)},
    Year = {2009},
    Note = {\url{http://boinc.berkeley.edu/trac/wiki/WebRpc}}
}

@MISC{jarifa,
    Author = {Daniel Lombraña González and David P. Anderson and Francisco Fernández de Vega},
    Title = {Jarifa},
    Note = {\url{http://jarifa.unex.es}},
    Year = {2009}
}

@MISC{boinc-preferences,
    Author = {BOINC Team},
    Title = {BOINC Preferences Implementation},
    Note = {\url{http://boinc.berkeley.edu/trac/wiki/PrefsImpl}},
    Year = {2009}
}

@MISC{affero3,
    Author = {Free Software Foundation},
    Title = {GNU Affero general public license},
    Note = {\url{http://www.fsf.org/licensing/licenses/agpl-3.0.html}},
    Year = {2009}
}

@MISC{w3c,
    Author = {W3C},
    Title = {The W3C Markup Validation Service},
    Note = {\url{http://validator.w3.org/}},
    Year = {2009}
}

@MISC{apache,
    Author = {The Apache Software Foundation},
    Title = {The Apache HTTP Server},
    Note = {\url{http://httpd.apache.org/}},
    Year = {2009}
}

@MISC{mysql,
    Author = {Sun Microsystems},
    Title = {MySQL},
    Note = {\url{http://dev.mysql.com}},
    Year = {2009}
}


@MISC{malariacontrol,
    Author = {Africa@home},
    Title = {Malariacontrol.net},
    Note = {\url{http://www.malariacontrol.net/}},
    Year = {2009}
}


@MISC{boinc-stats-webs,
    Author = {BOINC Team},
    Title = {Web sources for BOINC participants},
    Note = {\url{http://boinc.berkeley.edu/links.php#stats}},
    Year = {2009}
}

@MISC{cip,
    Author = {International Potato Center},
    Title = {Web Site},
    Note = {\url{http://www.cipotato.org/}},
    Year = {2009}
}

@MISC{jarifa-12000,
    Author = {Jarifa Team},
    Title = {More than 12000 computers handled with Jarifa},
    Note = {\url{http://jarifa.unex.es/?p=230}},
    Year = {2009}
}

@MISC{cee,
    Author = {Consejería de Educación, Junta de Extremadura},
    Title = {Web site},
    Note = {\url{http://www.educarex.es/}},
    Year = {2009}
}


@MISC{bluegene-web,
    Author = {IBM},
    Title = {IBM Research: Blue Gene},
    Note = {\url{http://domino.research.ibm.com/comm/research_projects.nsf/pages/bluegene.index.html}},
    Year = {2009}
}

@MISC{matlab,
    Author = {The Mathworks Inc.},
    Title = {Matlab},
    Note = {\url{http://www.mathworks.com/}},
    Year = {2009}
}

@MISC{cica,
    Title = {Centro Informático Científico de Andalucía},
    Note = {\url{http://www.cica.es}},
    Year = {2009}
}

@MISC{boinc-credit,
    Author = {BOINC Team},
    Title = {Computation Credit},
    Note = {\url{http://boinc.berkeley.edu/wiki/Computation_credit}},
    Year  = {2009}
}

