@INPROCEEDINGS{Eggers,
    author = {S. J. Eggers, J. S. Emer, H. M. Levy, J. L. Lo, R. L. Stamm, and D. M. Tullsen},
    title = {“Simultaneous multithreading: A platform for next-generation processors”},
    booktitle= {IEEE Micro},
    year = {September/October 1997.},
    volume = {vol. 17},
    pages ={12-18}
}

@INPROCEEDINGS{Krishnan,
    author = {V. Krishnan and J. Torrellas},
    title = {“A chip-multiprocessor architecture with speculative multithread-ing”},
    booktitle = {IEEE Transactions on Computers},
    year = {1999},
    volume = {vol. 48, no. 9},
    pages = {866–880},

}

@INPROCEEDINGS{Tullsen,
    author = {D. M. Tullsen, S. J. Eggers and H. M. Levy},
    title = {“Simultaneous multithreading: Maximizing on-chip parallelism”},
    booktitle= {22nd Annual International Symposium on Computer Architecture},
    month = {June},
    year = {1995},
}

@INPROCEEDINGS{Tullsen_1,
    author = {FD. M. Tullsen, J. L. Lo, S. J. Eggers and H. M. Levy},
    title = {“Supporting fine-grained synchronization on a simultaneous multithreading processor”},
    booktitle= {International Symposium on Architectural Support for Programming Languages and Operating Systems},
    year = {2000},
    pages = {54-58}
}

@INPROCEEDINGS{Sim_Outorder,
    author = {D.C. Burger ant T.M.Austin},
    title = {The simplescalar tool set, version 2.0.},
    isbn = {978-1-59593-697-4},
    booktitle= {Technical Report},
    address = {University of Wisconsin-Madison},
    month = {June},
    year = {1997},
    pages = {CS-TR-97-1342}
}

@INPROCEEDINGS{Debian,
    booktitle = {http://www.debian.org/releases/stable/},
    month = {Febrero},
    year = {2008},
}

@INPROCEEDINGS{Cache_1,
    author = {S. Lopez, S. Dropsho, D. Albonesi, O. Garnica, J. Lanchares},
    title = {Dynamic Capacity-Speed Tradeoffs in SMT Processor Caches},
    booktitle = {Lecture Notes in Computer Science (Magazine)},
    year = {2007},
}
@INPROCEEDINGS{Cache_2,
    author = {S. Lopez,J. Lanchares , O. Garnica, J.I.Hidalgo},
    title = {Predicción Híbrida de la configuración de caches dinámicas en procesadores SMT},
    booktitle = {CEDI 2007, XVIII Jornadas de Paralelismo(Libro de Actas)},
    year = {2007},
    pages = {19-26}
}

@INPROCEEDINGS{sim-smt,
  author = {Ronaldo Gonçalves, Eduard Ayguadé, Mateo Valero, Philippe Navaux},
  title = {A Simulator for SMT Architectures:Evaluating Instruction Cache Topologies},
  url = {citeseer.ist.psu.edu/goncalves00simulator.html}
}

@INPROCEEDINGS{Valero-Cazorla,
  author = {F. J. Cazorla, A. Ramirez, and M. Valero},
  title = {DCache Warn: an I-Fetch policy to increase SMT efficiency”},
  booktitle = {In Proceedings of the 18th International Parallel and Distributed Processing Symposium},
  address = {Santa Fe (New Mexico)},
  month = {April},
  year = {2004},
  pages = {74-83}
}

@INPROCEEDINGS{middleware,
  author = {Bernstein, Philip A.},
  title = {"Middleware: A Model for Distributed Services."},
  booktitle = {Communications of the ACM 39},
  month = {February},
  year = {1996},
  pages = {86-97},
}

@INPROCEEDINGS{Albonesi_1,
  author = {D.H. Albonesi},
  title = {Selective Cache Ways: On-Demand Cache Resource Allocation},
  booktitle = {In 32nd. Intl. Symp. on Microarchitecture},
  month = {November},
  year = {1999},
}

