@Article{thierens99:scalability,
author = {Dirk Thierens},
title = {Scalability Problems of Simple Genetic Algorithms},
journal = {Evolutionary Computation},
year = {1999},
OPTkey = {},
volume = {7},
number = {4},
pages = {331--352},
OPTmonth = {},
OPTnote = {},
OPTannote = {}
}


@article{laredo08:churn,
	Author = {Juan L. J. Laredo and Pedro A. Castillo and Antonio M. Mora and Juan J. Merelo and Carlos Fernandes},
	Doi = {http://dx.doi.org/10.1504/IJHPSA.2008.024210},
	Issn = {1751-6528},
	Journal = {Int. J. High Performance Systems Architecture},
	Number = {4},
	Pages = {260--268},
	Publisher = {Inderscience Publishers},
	Title = {Resilience to churn of a peer-to-peer evolutionary algorithm},
	Volume = {1},
	Year = {2008},
}

@inproceedings{Stutzbach06Understanding,
	address = {New York, NY, USA},
	author = {Stutzbach, Daniel   and Rejaie, Reza  },
	booktitle = {Proceedings of the 6th ACM SIGCOMM on Internet measurement (IMC 2006)},
	citeulike-article-id = {1033045},
	doi = {10.1145/1177080.1177105},
	isbn = {1595935614},
	journal = {Proceedings of the 6th ACM SIGCOMM on Internet measurement (IMC 2006)},
	keywords = {bittorrent, mak, measurements, p2p, systems, traces},
	pages = {189--202},
	posted-at = {2007-01-12 17:42:30},
	priority = {5},
	publisher = {ACM Press},
	title = {Understanding churn in peer-to-peer networks},
	url = {http://portal.acm.org/citation.cfm?id=1177105},
	year = {2006}
}

@inproceedings{vega06:faulttolerance,
 author = {Francisco Fernandez De Vega},
 title = {A Fault Tolerant Optimization Algorithm based on Evolutionary Computation},
 booktitle = {DEPCOS-RELCOMEX '06: Proceedings of the International Conference on Dependability of Computer Systems},
 year = {2006},
 isbn = {0-7695-2565-2},
 pages = {335--342},
 doi = {http://dx.doi.org/10.1109/DEPCOS-RELCOMEX.2006.2},
 publisher = {IEEE Computer Society},
 address = {Washington, DC, USA},
 }

@inproceedings{lombrana07:faulttolerance,
 author = {Daniel Lombrana Gonzalez and Francisco Fernandez de Vega},
 title = {On the Intrinsic Fault-Tolerance Nature of Parallel Genetic Programming},
 booktitle = {PDP '07: Proceedings of the 15th Euromicro International Conference on Parallel, Distributed and Network-Based Processing},
 year = {2007},
 isbn = {0-7695-2784-1},
 pages = {450--458},
 doi = {http://dx.doi.org/10.1109/PDP.2007.56},
 publisher = {IEEE Computer Society},
 address = {Washington, DC, USA},
 }

@InProceedings{scriven08:p2ppso,
author = {I. Scriven and A. Lewis and D. Ireland and J. Lu},
title = {Decentralised Distributed Multiple Objective Particle Swarm Optimisation Using Peer to Peer Networks},
booktitle = {IEEE Congress on Evolutionary Computation (CEC2008), WCCI2008 Proceedings},
OPTcrossref = {},
OPTkey = {},
OPTpages = {},
year = {2008},
OPTeditor = {},
OPTvolume = {},
OPTnumber = {},
OPTseries = {},
OPTaddress = {},
month = {June},
OPTorganization = {},
publisher = {IEEE Press, Hong Kong},
OPTnote = {},
OPTannote = {}
}


@InProceedings{scriven08:psounreliable,
author = {I. Scriven and D. Ireland and A. Lewis and S. Mostaghim and J. Branke},
title = {Asynchronous Multiple Objective Particle Swarm Optimisation in Unreliable Distributed Environments},
booktitle = {IEEE Congress on Evolutionary Computation (CEC2008), WCCI2008 Proceedings},
OPTcrossref = {},
OPTkey = {},
OPTpages = {},
year = {2008},
OPTeditor = {},
OPTvolume = {},
OPTnumber = {},
OPTseries = {},
OPTaddress = {},
month = {June},
OPTorganization = {},
publisher = {IEEE Press, Hong Kong},
OPTnote = {},
OPTannote = {}
}



@inproceedings{hidalgo07:islandtolerant,
 author = {J. Ignacio Hidalgo and Juan Lanchares and Francisco Fern\'{a}ndez de Vega and Daniel Lombrana},
 title = {Is the island model fault tolerant?},
 booktitle = {GECCO '07: Proceedings of the 2007 GECCO conference companion on Genetic and evolutionary computation},
 year = {2007},
 isbn = {978-1-59593-698-1},
 pages = {2737--2744},
 location = {London, United Kingdom},
 doi = {http://doi.acm.org/10.1145/1274000.1274085},
 publisher = {ACM},
 address = {New York, NY, USA},
 }


@book{ackley:trap,
 author = {David H. Ackley},
 title = {A connectionist machine for genetic hillclimbing},
 year = {1987},
 isbn = {0-89838-236-X},
 publisher = {Kluwer Academic Publishers},
 address = {Norwell, MA, USA},
 }

@incollection{lobo07:review,
	Author = {Lobo, Fernando G. and Lima, Claudio F.},
	Booktitle = {Parameter Setting in Evolutionary Algorithms},
	Date-Modified = {2009-04-01 16:50:36 -0400},
	Pages = {185--204},
	Publisher = {Springer Berlin / Heidelberg},
	Series = {Studies in Computational Intelligence},
	Title = {Adaptive Population Sizing Schemes in Genetic Algorithms},
	Year = {2007}}

@inproceedings{deb:deception,
  author    = {Kalyanmoy Deb and
               David E. Goldberg},
  title     = {Analyzing Deception in Trap Functions},
  booktitle = {FOGA},
  year      = {1992},
  pages     = {93-108},
  crossref  = {DBLP:conf/foga/1992},
  bibsource = {DBLP, http://dblp.uni-trier.de}
}

@proceedings{DBLP:conf/foga/1992,
  editor    = {L. Darrell Whitley},
  title     = {Proceedings of the Second Workshop on Foundations of Genetic
               Algorithms. Vail, Colorado, USA, July 26-29 1992},
  booktitle = {FOGA},
  publisher = {Morgan Kaufmann},
  year      = {1993},
  isbn      = {1-55860-263-1},
  bibsource = {DBLP, http://dblp.uni-trier.de}
}

