@INPROCEEDINGS{Eggers,
    author = {S. J. Eggers and J. S. Emer and H. M. Levy and J. L. Lo and R. L. Stamm and D. M. Tullsen},
    title = {Simultaneous multithreading: A platform for next-generation processors},
    booktitle= {IEEE Micro},
    year = {September/October 1997.},
    volume = {vol. 17},
    pages ={12-18}
}
@INPROCEEDINGS{Krishnan,
    author = {V. Krishnan and J. Torrellas},
    title = {A chip-multiprocessor architecture with speculative multithread-ing},
    booktitle = {IEEE Transactions on Computers},
    year = {1999},
    volume = {vol. 48, no. 9},
    pages = {866–880}

}
@INPROCEEDINGS{Tullsen,
    author = {D. M. Tullsen and S. J. Eggers and H. M. Levy},
    title = {Simultaneous multithreading: Maximizing on-chip parallelism},
    booktitle= {22nd Annual International Symposium on Computer Architecture},
    month = {June},
    year = {1995},
}
@INPROCEEDINGS{Tullsen3,
    author = {D. M. Tullsen and J. A. Brown},
    title = {Handling Long-Latency Loads in a Simultaneous Multithreading Processor },
    booktitle= {In Proc. 34th Ann. IEEE/ACM Int'l Symposium on Microarchiture},
    month = {December},
    year = {2001},
    pages = {171-182}
}
@INPROCEEDINGS{Sim_Outorder,
    author = {D.C. Burger and T.M.Austin},
    title = {The simplescalar tool set, version 2.0.},
    isbn = {978-1-59593-697-4},
    booktitle= {Technical Report},
    address = {University of Wisconsin-Madison},
    month = {June},
    year = {1997},
    pages = {CS-TR-97-1342}
}
@INPROCEEDINGS{Sonia1,
    author = {S. Lopez and S. Dropsho and D. Albonesi and O. Garnica and J. Lanchares},
    title = {Dynamic Capacity-Speed Tradeoffs in SMT Processor Caches},
    booktitle = {Lecture Notes in Computer Science (Magazine)},
    year = {2007}
}
@INPROCEEDINGS{Sonia2,
    author = {S. Lopez and J. Lanchares and O. Garnica and J.I.Hidalgo},
    title = {Predicción Híbrida de la configuración de caches dinámicas en procesadores SMT},
    booktitle = {CEDI 2007, XVIII Jornadas de Paralelismo(Libro de Actas)},
    year = {2007},
    pages = {19-26}
}
@INPROCEEDINGS{Sonia3,
    author = {S. Lopez and S. Dropsho and D.H. Albonesi and  O. Garnica and J. Lanchares},
    title = {Rate-Driven Control of Resizable Caches for Highly Threaded SMT Processors},
    booktitle = {16th International Conference on Parallel Architecture and Compilation Techniques(PACT 2007)},
    year = {2007}
}
@INPROCEEDINGS{sim-smt,
  author = {Ronaldo Gonçalves and Eduard Ayguadé and Mateo Valero and Philippe Navaux},
  title = {A Simulator for SMT Architectures:Evaluating Instruction Cache Topologies},
  url = {citeseer.ist.psu.edu/goncalves00simulator.html}
}

@INPROCEEDINGS{Cazorla1,
 author = {F. J. Cazorla and  A. Ramirez and M. Valero},
  title = {DCache Warn: an I-Fetch policy to increase SMT efficiency”},
  booktitle = {In Proceedings of the 18th International Parallel and Distributed Processing Symposium},
  address = {Santa Fe (New Mexico)},
  month = {April},
  year = {2004},
  pages = {74-83}
}

@INPROCEEDINGS{Cazorla2,
 author = {F. J. Cazorla and  A. Ramirez and M. Valero and E. Fernandez},
  title = {Dinamically Controlled Resource Allocation in SMT Processors},
  booktitle = {In Proc. 37th Ann IEEE/ACM Int'l Symp. on Microarchitecture},
  month = {December},
  year = {2004}
}
@INPROCEEDINGS{Chapiro,
	author = {Daniel M. Chapiro},
	title = {. Globally-Asynchronous Locally-Synchronous Systems},
	booktitle = {PhD thesis},
	address = {Stanford University},
	month = {October},
	year = {1984}
}
@INPROCEEDINGS{Albonesi1,
  author = {D.H. Albonesi},
  title = {Selective Cache Ways: On-Demand Cache Resource Allocation},
  booktitle = {In 32nd. Intl. Symp. on Microarchitecture},
  month = {November},
  year = {1999}
}

@INPROCEEDINGS{DSA,
  author = {S. Dropsho and G. Semearo and D.H. Albonesi and G. Magklis and M.L. Scott},
  title = {Dinamically Trading Frequency for Complexity in a GALS Microprocessor},
  booktitle = {In proc. 37nd. Ann. IEEE/ACM Intl. Symp. on Microarchitecture},
  month = {December},
  year = {2004},
}
@INPROCEEDINGS{Albonesi3,
  author = {S. Dropsho and A. Buyuktosunoglu and R. Balasubramonian and D.H. Albonesi and S. Dwarkadas and G. Semeraro and G. Magklis and M.L. Scott},
  title = {Integrating Adaptive On-chip Storage Structures for Reduced Dynamic Power},
  booktitle = {In proc. 11th Intl. Conf. on Parallel Architectures and Compilation techniques},
  month = {September},
  year = {2002},
}
@INPROCEEDINGS{SAD,
  author = {G. Semeraro and D.H. Albonesi and S. Dropsho and  G. Magklis and S. Dwarkadas and M.L. Scott},
  title = {Dynamic Frequency and Voltage Control for a Multple Clock Domain Microarchitecture},
  booktitle = {In proc. 35th Ann. IEE/ACM Int'l Symp. on Microarchitecture},
  month = {November},
  year = {2002},
  pages = {356-367}
}
@INPROCEEDINGS{Balasubramonian1,
  author = {G. Semeraro and G. Magklis and R. Balasubramonian and D.H. Albonesi and S. Dwarkadas and M.L. Scott},
  title = {Energy-eficient Processor Design Using Multiple Clocks Domains with Dynamic Voltage and Frequency Scaling},
  booktitle = {In proc. 8th Intl. Symp. on High-Performance Computer Architecture},
  month = {February},
  year = {2002},
  pages = {29-40}
}
@INPROCEEDINGS{Sjogren1,
  author = {A.E. Sjogren and C. J. Myers},
  title = {Interfacing Synchronousand Asynchronous Modules Within A Hign-Speed Pipeline},
  booktitle = {In proc. 17th Conf. on Advanced Research in VLSI},
  month = {September},
  year = {1997},
  pages = {47-61}
}
@INPROCEEDINGS{Tullsen2,
    author = {D. M. Tullsen and S. J. Eggers and H. M. Levy and J. S. Emer and J. L. Lo and R. L. Stamm},
    title = {Exploiting Choice: Instruction Fetch and Issue on an Implementable Simultaneous Multithreading Processor},
    booktitle= {Proc. 23rd Int'l Sump. on Computer Architecture},
    month = {May},
    year = {1996},
    pages = {191-202}
}
@INPROCEEDINGS{Tullsen1,
    author = {D. M. Tullsen and J. L. Lo and S. J. Eggers and H. M. Levy},
    title = {Supporting fine-grained synchronization on a simultaneous multithreading processor},
    booktitle= {International Symposium on Architectural Support for Programming Languages and Operating Systems},
    year = {2000},
    pages = {54-58}
}
@INPROCEEDINGS{Hidalgo1,
	author = {C. Sequeira and  F. Sanchez-Quesada and M. Sancho and I. Hidalgo and T. Ortiz},
	title = {A Genetic Algorithm Approach for Localization of Deep Sources in MEG. Physica Scripta. Vol. T118},
	year = {2005},
	pages ={140–142}
}
@INPROCEEDINGS{Hidalgo2,
	author = {J.I. Hidalgo and F. Fernández and J. Lanchares and J. M. Sánchez-Pérez and R. Hermida and M. Tomassini and R. Baraglia and R. Perego and O. Garnica},
	title = {Multi-FPGA Systems Synthesis by Means of Evolutionary Computation},
	booktitle = {Proceedings of GECCO 2003 Lecture Notes in computer Science, Springer.},
	address = {Chicago (USA)},
	month = {July},
	year = {2003}
 }
@INPROCEEDINGS{Circuit,
	author = {C.J. Alpert  and L.W. Hagen and A.B. Kahng},
	title = {A hybrid multilevel/genetic aproach circuit partitioning},
	booktitle = {Technical Report 96002},
	address = {UCLA Computer Science Component},
	year = {1996}
}
@INPROCEEDINGS{Control,
	author = {B. de Andrés and S. Esteban and D. Rivera and J.I.Hidalgo and M. Prieto},
	title = {Parallel Genetic algorithms an application for model parameter identification in process control},
	booktitle = {In Proceedings of tehn 2000 Genetic and Evolutionary Computation Conference Late Breaking Papers},
	year = {2000},
	pages = {65-69}
}
@INPROCEEDINGS{Coello,
	author = {A. Coello and A.D. Christiansen},
	title = {Moses: A multiobjective optimization tool for engineering design},
	booktitle = {engineering Optimization, 31(3)},
	year = {1999},
	pages = {337-368}
}
@INPROCEEDINGS{Croes,
	author = {G. A. Croes},
	title = {A method for solving the traveling salesman problem},
	booktitle = {Operations Research},
	year = {1958},
	pages = {791-812}
}
@INPROCEEDINGS{DM,
	author = {M. Dorigo and V. Maniezzo},
	title = {Parallel genetic algorithms: Introduction and overview of current research},
	booktitle = {In Parallel Genetic Algorithms},
	year = {1993},
	pages = {5-42}
}
@INPROCEEDINGS{CHL,
	author = {J.M. colmenar and J.I. Hidalgo and J. Lanchares},
	title = {Estimación de la ocupación lógica en FPGAs para hardware reconfigurable},
	booktitle = {In Actas de las Jornadas sobre Computación reconfigurable, page en prensa},
	address = {Alicante},
	month = {September},
	year = {2001}
}
@INPROCEEDINGS{Fernandez,
	author = {F. Fernández},
	title = {Modelos de Programación Genética distribuida con aplicaciones a síntesis lógica en FPGAs},
	booktitle = {PhD thesis},
	address = {Universidad de Extremadura},
	year = {2000}
}
@INPROCEEDINGS{FerTom,
	author = {F. Fernández and M. Tomassini},
	title = {Genetic programming and reconfigurable hardware: A proposal for solving the problem of placement and routing},
	booktitle = {In A.S. Wu University of Central Florida, editor, Proceedings of the 2000 Genetic anda Evolutionary Computation Conference Workshop Program},
	year = {2000},
	pages = {281-284}
}

@BOOK{Holland,
    author = {Holland},
    editor = {Ann Arbor},
    title = {Adaptation in Natural and Artificial Systems},
    publisher = {University of Michigan Press},
    year = {1975},
    otherinfo = {University of Michigan Press, Ann Arbor, 1975}
}
@BOOK{Banzhaf,
 author = {Wolfgang Banzhaf and Frank D. Francone and Robert E. Keller and Peter Nordin},
 title = {Genetic programming: an introduction: on the automatic evolution of computer programs and its applications},
 year = {1998},
 isbn = {1-55860-510-X},
 publisher = {Morgan Kaufmann Publishers Inc.},
 address = {San Francisco, CA, USA},
 }

@ARTICLE{cantu-paz-parallel-genetic-algorithms,
    author = {Erick Cantú-Paz and David E. Goldberg},
    title = {Efficient Parallel Genetic Algoritms: Theory and Practice},
    journal = {Computer Methods in Applied Mechanics and Engineering},
    year = {2000},
    pages = {186, 221-238}
}
@BOOK{koza_book,
  author  =  {John R. Koza},
  title =   {Genetic Programming: On the Programming of Computers by Means of Natural Selection},
  year =    {1992},
  publisher =   {MIT Press},
  address = {Cambridge, MA, USA},
  keywords =    {genetic algorithms, genetic programming, text book},
  ISBN =    {0-262-11170-5}
}
@BOOK{goldberg:GA,
    author = {DE Goldberg},
    title = {Genetic Algorithms in Search, Optimization, and Machine Learning},
    isbn = {0201157675},
    publisher = {Addison-Wesley Professional},
    year = {1989}
}
@BOOK{darwin,
    author = {Charles Darwin},
    title = {The origin of species by means of natural selection},
    year = {1859}
}

